@ARTICLE{Patel_15,
author = {Patel, Avinash and Lee, Hyun and Jawerth, Louise and Maharana, Shovamayee and Jahnel, Marcus and Hein, Marco and Stoynov, Stoyno and Mahamid, Julia and Saha, Shambaditya and M Franzmann, Titus and Pozniakovsky, Andrei and Poser, Ina and Maghelli, Nicola and Royer, Loic and Weigert, Martin and W Myers, Eugene and Grill, Stephan and Drechsel, David and Hyman, Anthony and Alberti, Simon},
year = {2015},
month = {08},
pages = {1066-1077},
title = {A Liquid-to-Solid Phase Transition of the ALS Protein FUS Accelerated by Disease Mutation},
volume = {162},
journal = {Cell},
doi = {10.1016/j.cell.2015.07.047}
}

@ARTICLE{Mullard_19,
author = {A. Mullard},
year = {2019},
pages = {},
title = {Biomolecular condensates pique drug discovery curiosity},
journal = {Nature Reviews Drug Discovery},
doi = {10.1038/d41573-019-00069-w}
}

@ARTICLE{Banani_17,
author = {F Banani, Salman and Lee, Hyun and A Hyman, Anthony and K Rosen, Michael},
year = {2017},
month = {02},
pages = {},
title = {Biomolecular condensates: organizers of cellular biochemistry},
volume = {18},
journal = {Nature reviews. Molecular cell biology},
doi = {10.1038/nrm.2017.7}
}

@ARTICLE{Deng_14,
author = {Deng, Hao and Gao, Kai and Jankovic, Joseph},
year = {2014},
month = {05},
pages = {},
title = {The role of FUS gene variants in neurodegenerative diseases},
volume = {10},
journal = {Nature reviews. Neurology},
doi = {10.1038/nrneurol.2014.78}
}

@ARTICLE{Best_18,
author = {Dignon, Gregory and Zheng, Wenwei and C. Kim, Young and Best, Robert and Mittal, Jeetain},
year = {2018},
month = {01},
pages = {e1005941},
title = {Sequence determinants of protein phase behavior from a coarse-grained model},
volume = {14},
journal = {PLOS Computational Biology},
doi = {10.1371/journal.pcbi.1005941}
}

@ARTICLE{Wang_18,
author = {Wang, Jie and Choi, Jeong-Mo and Holehouse, Alex and Lee, Hyun and Zhang, Xiaojie and Jahnel, Marcus and Maharana, Shovamayee and Lemaitre, RÃ©gis and Pozniakovsky, Andrei and Drechsel, David and Poser, Ina and Pappu, Rohit and Alberti, Simon and Hyman, Anthony},
year = {2018},
month = {06},
pages = {},
title = {A Molecular Grammar Governing the Driving Forces for Phase Separation of Prion-like RNA Binding Proteins},
volume = {174},
journal = {Cell},
doi = {10.1016/j.cell.2018.06.006}
}

@ARTICLE{Murray_17,
author = {T. Murray, Dylan and Kato, Masato and Lin, Yi and Thurber, Kent and Hung, Ivan and Mcknight, Steven and Tycko, Robert},
year = {2017},
month = {09},
pages = {},
title = {Structure of FUS Protein Fibrils and Its Relevance to Self-Assembly and Phase Separation of Low-Complexity Domains},
volume = {171},
journal = {Cell},
doi = {10.1016/j.cell.2017.08.048}
}

@ARTICLE{Alberti_19,
author = {Alberti, Simon and Gladfelter, Amy and Mittag, Tanja},
year = {2019},
month = {01},
pages = {419-434},
title = {Considerations and Challenges in Studying Liquid-Liquid Phase Separation and Biomolecular Condensates},
volume = {176},
journal = {Cell},
doi = {10.1016/j.cell.2018.12.035}
}

@ARTICLE{Ali_18,
author = {Yoshizawa, Takuya and Ali, Rustam and Jiou, Jenny and Fung, Ho Yee Joyce and Burke, Kathleen and Joong Kim, Seung and Lin, Yuan and B Peeples, William and Saltzberg, Daniel and Soniat, Michael and Baumhardt, Jordan and Oldenbourg, Rudolf and Sali, Andrej and Fawzi, Nicolas and K Rosen, Michael and Chook, Yuh Min},
year = {2018},
month = {04},
pages = {},
title = {Nuclear Import Receptor Inhibits Phase Separation of FUS through Binding to Multiple Sites},
volume = {173},
journal = {Cell},
doi = {10.1016/j.cell.2018.03.003}
}